<?xml version="1.0" encoding="UTF-8"?><collection xmlns="http://www.loc.gov/MARC21/slim"><record><leader>00523nam--2200181-i-4500</leader><controlfield tag="001">000043201</controlfield><controlfield tag="002">20161230</controlfield><controlfield tag="005">20161230201043</controlfield><controlfield tag="008">060222s1000------------r-----000-0-eng-d</controlfield><datafield ind1=" " ind2=" " tag="040"><subfield code="a">IFIN-HH</subfield></datafield><datafield ind1=" " ind2=" " tag="080"><subfield code="a">538.915</subfield></datafield><datafield ind1="1" ind2=" " tag="100"><subfield code="a">Stringer, John</subfield></datafield><datafield ind1="1" ind2="0" tag="245"><subfield code="a">An introduction to the electron theory of solids</subfield><subfield code="c">John stringer</subfield></datafield><datafield ind1=" " ind2=" " tag="260"><subfield code="a">Oxford</subfield><subfield code="b">Pergamon Press</subfield><subfield code="c">1967</subfield></datafield><datafield ind1=" " ind2=" " tag="300"><subfield code="a">IX+246P</subfield></datafield><datafield ind1=" " ind2=" " tag="490"><subfield code="a">The Commonwealth And International Library Metallurgy Division</subfield></datafield><datafield ind1=" " ind2=" " tag="852"><subfield code="a">27716</subfield><subfield code="c">539.2</subfield></datafield><datafield ind1=" " ind2=" " tag="CAT"><subfield code="a">Sys</subfield><subfield code="c">20121015</subfield><subfield code="h">102941</subfield></datafield></record></collection>